%% This BibTeX bibliography file was created using BibDesk.
%% http://bibdesk.sourceforge.net/

%% Created for Elina Robeva at 2016-10-01 11:36:41 -0400 


%% Saved with string encoding Unicode (UTF-8) 
@article {Lan16,
    AUTHOR = {Lan, Kai-Wen},
     TITLE = {Compactifications of {PEL}-type {S}himura varieties in
              ramified characteristics},
   JOURNAL = {Forum Math. Sigma},
  FJOURNAL = {Forum of Mathematics. Sigma},
    VOLUME = {4},
      YEAR = {2016},
     PAGES = {Paper No. e1, 98},
      ISSN = {2050-5094},
   MRCLASS = {11G18 (11G15 14D06)},
  MRNUMBER = {3482277},
MRREVIEWER = {Matteo\ Longo},
       DOI = {10.1017/fms.2015.31},
       URL = {https://doi.org/10.1017/fms.2015.31},
}


@article {lan17,
    AUTHOR = {Lan, Kai-Wen},
     TITLE = {Integral models of toroidal compactifications with projective
              cone decompositions},
   JOURNAL = {Int. Math. Res. Not. IMRN},
  FJOURNAL = {International Mathematics Research Notices. IMRN},
      YEAR = {2017},
    NUMBER = {11},
     PAGES = {3237--3280},
      ISSN = {1073-7928,1687-0247},
   MRCLASS = {14G35 (14M27)},
  MRNUMBER = {3693649},
MRREVIEWER = {Robin\ de Jong},
       DOI = {10.1093/imrn/rnv236},
       URL = {https://doi.org/10.1093/imrn/rnv236},
}


@incollection {viviani13,
    AUTHOR = {Viviani, Filippo},
     TITLE = {Tropicalizing vs. compactifying the {T}orelli morphism},
 BOOKTITLE = {Tropical and non-{A}rchimedean geometry},
    SERIES = {Contemp. Math.},
    VOLUME = {605},
     PAGES = {181--210},
 PUBLISHER = {Amer. Math. Soc., Providence, RI},
      YEAR = {2013},
      ISBN = {978-1-4704-1021-6},
   MRCLASS = {14D23 (14C34 14H10 14H40 14K10 14T05)},
  MRNUMBER = {3204272},
MRREVIEWER = {V.\ V.\ Chueshev},
       DOI = {10.1090/conm/605/12116},
       URL = {https://doi.org/10.1090/conm/605/12116},
}


@article {harrisZucker,
    AUTHOR = {Harris, Michael and Zucker, Steven},
     TITLE = {Boundary cohomology of {S}himura varieties. {I}. {C}oherent
              cohomology on toroidal compactifications},
   JOURNAL = {Ann. Sci. \'Ecole Norm. Sup. (4)},
  FJOURNAL = {Annales Scientifiques de l'\'Ecole Normale Sup\'erieure.
              Quatri\`eme S\'erie},
    VOLUME = {27},
      YEAR = {1994},
    NUMBER = {3},
     PAGES = {249--344},
      ISSN = {0012-9593},
   MRCLASS = {14G35 (11G18)},
  MRNUMBER = {1272293},
MRREVIEWER = {Min\ Ho\ Lee},
       URL = {http://www.numdam.org/item?id=ASENS_1994_4_27_3_249_0},
}


@article {CG18,
    AUTHOR = {Calegari, Frank and Geraghty, David},
     TITLE = {Modularity lifting beyond the {T}aylor-{W}iles method},
   JOURNAL = {Invent. Math.},
  FJOURNAL = {Inventiones Mathematicae},
    VOLUME = {211},
      YEAR = {2018},
    NUMBER = {1},
     PAGES = {297--433},
      ISSN = {0020-9910,1432-1297},
   MRCLASS = {11F33 (11F80)},
  MRNUMBER = {3742760},
MRREVIEWER = {Giovanni\ Rosso},
       DOI = {10.1007/s00222-017-0749-x},
       URL = {https://doi.org/10.1007/s00222-017-0749-x},
}

@article {HLTT16,
    AUTHOR = {Harris, Michael and Lan, Kai-Wen and Taylor, Richard and
              Thorne, Jack},
     TITLE = {On the rigid cohomology of certain {S}himura varieties},
   JOURNAL = {Res. Math. Sci.},
  FJOURNAL = {Research in the Mathematical Sciences},
    VOLUME = {3},
      YEAR = {2016},
     PAGES = {Paper No. 37, 308},
      ISSN = {2522-0144,2197-9847},
   MRCLASS = {11G18 (11F75 14G35)},
  MRNUMBER = {3565594},
MRREVIEWER = {Fausto\ Jarqu\'in Z\'arate},
       DOI = {10.1186/s40687-016-0078-5},
       URL = {https://doi.org/10.1186/s40687-016-0078-5},
}


@article {HT12,
    AUTHOR = {Hulek, Klaus and Tommasi, Orsola},
     TITLE = {Cohomology of the second {V}oronoi compactification of {$\mathcal{
              A}_4$}},
   JOURNAL = {Doc. Math.},
  FJOURNAL = {Documenta Mathematica},
    VOLUME = {17},
      YEAR = {2012},
     PAGES = {195--244},
      ISSN = {1431-0635,1431-0643},
   MRCLASS = {14K10 (14C15 14F25 14M27)},
  MRNUMBER = {2946823},
MRREVIEWER = {Lars\ Halvard\ Halle},
}

@incollection {HT18,
    AUTHOR = {Hulek, Klaus and Tommasi, Orsola},
     TITLE = {The topology of {$\mathcal{A}_g$} and its compactifications},
 BOOKTITLE = {Geometry of moduli},
    SERIES = {Abel Symp.},
    VOLUME = {14},
     PAGES = {135--193},
      NOTE = {With an appendix by Olivier Ta\"ibi},
 PUBLISHER = {Springer, Cham},
      YEAR = {2018},
      ISBN = {978-3-319-94880-5; 978-3-319-94881-2},
   MRCLASS = {14K10 (11F70)},
  MRNUMBER = {3968046},
}

@article {scholze15,
    AUTHOR = {Scholze, Peter},
     TITLE = {On torsion in the cohomology of locally symmetric varieties},
   JOURNAL = {Ann. of Math. (2)},
  FJOURNAL = {Annals of Mathematics. Second Series},
    VOLUME = {182},
      YEAR = {2015},
    NUMBER = {3},
     PAGES = {945--1066},
      ISSN = {0003-486X,1939-8980},
   MRCLASS = {11S37},
  MRNUMBER = {3418533},
MRREVIEWER = {Kimball\ L.\ Martin},
       DOI = {10.4007/annals.2015.182.3.3},
       URL = {https://doi.org/10.4007/annals.2015.182.3.3},
}
@incollection {harder90,
    AUTHOR = {Harder, G\"unter},
     TITLE = {Some results on the {E}isenstein cohomology of arithmetic
              subgroups of {${\rm GL}_n$}},
 BOOKTITLE = {Cohomology of arithmetic groups and automorphic forms
              ({L}uminy-{M}arseille, 1989)},
    SERIES = {Lecture Notes in Math.},
    VOLUME = {1447},
     PAGES = {85--153},
 PUBLISHER = {Springer, Berlin},
      YEAR = {1990},
      ISBN = {3-540-53422-9},
   MRCLASS = {11F75 (11F67 22E40 22E41)},
  MRNUMBER = {1082964},
MRREVIEWER = {David\ Joyner},
       DOI = {10.1007/BFb0085728},
       URL = {https://doi.org/10.1007/BFb0085728},
}

@article {harris14,
    AUTHOR = {Harris, Michael},
     TITLE = {Weight zero {E}isenstein cohomology of {S}himura varieties via
              {B}erkovich spaces},
   JOURNAL = {Pacific J. Math.},
  FJOURNAL = {Pacific Journal of Mathematics},
    VOLUME = {268},
      YEAR = {2014},
    NUMBER = {2},
     PAGES = {275--281},
      ISSN = {0030-8730,1945-5844},
   MRCLASS = {11G18 (14G35)},
  MRNUMBER = {3227436},
MRREVIEWER = {Eva\ Viehmann},
       DOI = {10.2140/pjm.2014.268.275},
       URL = {https://doi.org/10.2140/pjm.2014.268.275},
}



@misc{BS24,
      title={The wheel classes in the locally finite homology of $\mathrm{GL}_n(\mathbb{Z})$, canonical integrals and zeta values}, 
      author={Francis Brown and Oliver Schnetz},
      year={2024},
      eprint={2402.06757},
      archivePrefix={arXiv},
      primaryClass={math.NT},
      url={https://arxiv.org/abs/2402.06757}, 
}


@article {Willwacher15,
    AUTHOR = {Willwacher, Thomas},
     TITLE = {M. {K}ontsevich's graph complex and the
              {G}rothendieck-{T}eichm\"uller {L}ie algebra},
   JOURNAL = {Invent. Math.},
  FJOURNAL = {Inventiones Mathematicae},
    VOLUME = {200},
      YEAR = {2015},
    NUMBER = {3},
     PAGES = {671--760},
      ISSN = {0020-9910,1432-1297},
   MRCLASS = {17B55 (18D50 53D55)},
  MRNUMBER = {3348138},
MRREVIEWER = {Rongmin\ Lu},
       DOI = {10.1007/s00222-014-0528-x},
       URL = {https://doi.org/10.1007/s00222-014-0528-x},
}


@article { brown21,
    AUTHOR = {Brown, Francis},
     TITLE = {Invariant differential forms on complexes of graphs and
              {F}eynman integrals},
   JOURNAL = {SIGMA Symmetry Integrability Geom. Methods Appl.},
  FJOURNAL = {SIGMA. Symmetry, Integrability and Geometry. Methods and
              Applications},
    VOLUME = {17},
      YEAR = {2021},
     PAGES = {Paper No. 103, 54},
      ISSN = {1815-0659},
   MRCLASS = {11F75 (11M32 81Q30)},
  MRNUMBER = {4343257},
       DOI = {10.3842/SIGMA.2021.103},
       URL = {https://doi.org/10.3842/SIGMA.2021.103},
}


@incollection {Kontsevich,
    AUTHOR = {Kontsevich, Maxim},
     TITLE = {Feynman diagrams and low-dimensional topology},
 BOOKTITLE = {First {E}uropean {C}ongress of {M}athematics, {V}ol.\ {II}
              ({P}aris, 1992)},
    SERIES = {Progr. Math.},
    VOLUME = {120},
     PAGES = {97--121},
 PUBLISHER = {Birkh\"auser, Basel},
      YEAR = {1994},
      ISBN = {3-7643-2799-5},
   MRCLASS = {57R57 (14H15 32G15 57M25)},
  MRNUMBER = {1341841},
MRREVIEWER = {Anatoly\ Libgober},
}


@incollection {Kontsevich93,
    AUTHOR = {Kontsevich, Maxim},
     TITLE = {Formal (non)commutative symplectic geometry},
 BOOKTITLE = {The {G}el'fand {M}athematical {S}eminars, 1990--1992},
     PAGES = {173--187},
 PUBLISHER = {Birkh\"auser Boston, Boston, MA},
      YEAR = {1993},
      ISBN = {0-8176-3689-7},
   MRCLASS = {58H15 (17B65 58F05)},
  MRNUMBER = {1247289},
MRREVIEWER = {Alexander\ A.\ Voronov},
}
@article {Willwacher22,
    AUTHOR = {Willwacher, Thomas},
     TITLE = {Pre-{L}ie pairs and triviality of the {L}ie bracket on the
              twisted hairy graph complexes},
   JOURNAL = {Int. Math. Res. Not. IMRN},
  FJOURNAL = {International Mathematics Research Notices. IMRN},
      YEAR = {2022},
    NUMBER = {23},
     PAGES = {18205--18255},
      ISSN = {1073-7928,1687-0247},
   MRCLASS = {17A30 (17B60 55P48)},
  MRNUMBER = {4519144},
MRREVIEWER = {Beno\^it\ Fresse},
       DOI = {10.1093/imrn/rnab178},
       URL = {https://doi.org/10.1093/imrn/rnab178},
}


@article {FNW23,
    AUTHOR = {Felder, Matteo and Naef, Florian and Willwacher, Thomas},
     TITLE = {Stable cohomology of graph complexes},
   JOURNAL = {Selecta Math. (N.S.)},
  FJOURNAL = {Selecta Mathematica. New Series},
    VOLUME = {29},
      YEAR = {2023},
    NUMBER = {2},
     PAGES = {Paper No. 23, 72},
      ISSN = {1022-1824,1420-9020},
   MRCLASS = {55U10 (18G35 18G85 57S05)},
  MRNUMBER = {4549961},
MRREVIEWER = {Marko\ \v Zivkovi\'c},
       DOI = {10.1007/s00029-023-00830-5},
       URL = {https://doi.org/10.1007/s00029-023-00830-5},
}

@article {BW24,
    AUTHOR = {Brun, Simon and Willwacher, Thomas},
     TITLE = {Graph homology computations},
   JOURNAL = {New York J. Math.},
  FJOURNAL = {New York Journal of Mathematics},
    VOLUME = {30},
      YEAR = {2024},
     PAGES = {58--92},
      ISSN = {1076-9803},
   MRCLASS = {05C75 (18G85 55U10)},
  MRNUMBER = {4689121},
       DOI = {10.1007/s10985-023-09590-y},
       URL = {https://doi.org/10.1007/s10985-023-09590-y},
}

@article {ACP15,
    AUTHOR = {Abramovich, Dan and Caporaso, Lucia and Payne, Sam},
     TITLE = {The tropicalization of the moduli space of curves},
   JOURNAL = {Ann. Sci. \'Ec. Norm. Sup\'er. (4)},
  FJOURNAL = {Annales Scientifiques de l'\'Ecole Normale Sup\'erieure.
              Quatri\`eme S\'erie},
    VOLUME = {48},
      YEAR = {2015},
    NUMBER = {4},
     PAGES = {765--809},
      ISSN = {0012-9593,1873-2151},
   MRCLASS = {14T05 (14D20 14G22 14H10)},
  MRNUMBER = {3377065},
MRREVIEWER = {Simon\ Hampe},
       DOI = {10.24033/asens.2258},
       URL = {https://doi.org/10.24033/asens.2258},
}
@article {CT09,
    AUTHOR = {Conrad, Brian and Temkin, Michael},
     TITLE = {Non-{A}rchimedean analytification of algebraic spaces},
   JOURNAL = {J. Algebraic Geom.},
  FJOURNAL = {Journal of Algebraic Geometry},
    VOLUME = {18},
      YEAR = {2009},
    NUMBER = {4},
     PAGES = {731--788},
      ISSN = {1056-3911,1534-7486},
   MRCLASS = {14G22 (14A20 32P05)},
  MRNUMBER = {2524597},
MRREVIEWER = {Alessandra\ Bertapelle},
       DOI = {10.1090/S1056-3911-09-00497-4},
       URL = {https://doi.org/10.1090/S1056-3911-09-00497-4},
}

@article {ulirsch17,
    AUTHOR = {Ulirsch, Martin},
     TITLE = {Tropicalization is a non-{A}rchimedean analytic stack
              quotient},
   JOURNAL = {Math. Res. Lett.},
  FJOURNAL = {Mathematical Research Letters},
    VOLUME = {24},
      YEAR = {2017},
    NUMBER = {4},
     PAGES = {1205--1237},
      ISSN = {1073-2780,1945-001X},
   MRCLASS = {14T05 (14A20 14G22)},
  MRNUMBER = {3723809},
MRREVIEWER = {Michel\ van Garrel},
       DOI = {10.4310/MRL.2017.v24.n4.a12},
       URL = {https://doi.org/10.4310/MRL.2017.v24.n4.a12},
}

@incollection {ACGHOS13,
    AUTHOR = {Abramovich, Dan and Chen, Qile and Gillam, Danny and Huang,
              Yuhao and Olsson, Martin and Satriano, Matthew and Sun,
              Shenghao},
     TITLE = {Logarithmic geometry and moduli},
 BOOKTITLE = {Handbook of moduli. {V}ol. {I}},
    SERIES = {Adv. Lect. Math. (ALM)},
    VOLUME = {24},
     PAGES = {1--61},
 PUBLISHER = {Int. Press, Somerville, MA},
      YEAR = {2013},
      ISBN = {978-1-57146-257-2},
   MRCLASS = {14D20 (14A20)},
  MRNUMBER = {3184161},
MRREVIEWER = {Howard\ M.\ Thompson},
}

@article {BPR16,
    AUTHOR = {Baker, Matthew and Payne, Sam and Rabinoff, Joseph},
     TITLE = {Nonarchimedean geometry, tropicalization, and metrics on
              curves},
   JOURNAL = {Algebr. Geom.},
  FJOURNAL = {Algebraic Geometry},
    VOLUME = {3},
      YEAR = {2016},
    NUMBER = {1},
     PAGES = {63--105},
      ISSN = {2313-1691,2214-2584},
   MRCLASS = {14T05 (14G22 14M25)},
  MRNUMBER = {3455421},
MRREVIEWER = {Marco\ A.\ Garuti},
       DOI = {10.14231/AG-2016-004},
       URL = {https://doi.org/10.14231/AG-2016-004},
}


@article {Ulirsch19,
    AUTHOR = {Ulirsch, Martin},
     TITLE = {Non-{A}rchimedean geometry of {A}rtin fans},
   JOURNAL = {Adv. Math.},
  FJOURNAL = {Advances in Mathematics},
    VOLUME = {345},
      YEAR = {2019},
     PAGES = {346--381},
      ISSN = {0001-8708,1090-2082},
   MRCLASS = {14T05 (14A20 32P05)},
  MRNUMBER = {3899966},
MRREVIEWER = {D.\ A.\ Stepanov},
       DOI = {10.1016/j.aim.2019.01.008},
       URL = {https://doi.org/10.1016/j.aim.2019.01.008},
}

@article {chan12,
    AUTHOR = {Chan, Melody},
     TITLE = {Combinatorics of the tropical {T}orelli map},
   JOURNAL = {Algebra Number Theory},
  FJOURNAL = {Algebra \& Number Theory},
    VOLUME = {6},
      YEAR = {2012},
    NUMBER = {6},
     PAGES = {1133--1169},
      ISSN = {1937-0652,1944-7833},
   MRCLASS = {14T05 (05C30 14H10)},
  MRNUMBER = {2968636},
MRREVIEWER = {Luis\ Felipe\ Tabera},
       DOI = {10.2140/ant.2012.6.1133},
       URL = {https://doi.org/10.2140/ant.2012.6.1133},
}


@article {GM07,
    AUTHOR = {Gathmann, Andreas and Markwig, Hannah},
     TITLE = {The {C}aporaso-{H}arris formula and plane relative
              {G}romov-{W}itten invariants in tropical geometry},
   JOURNAL = {Math. Ann.},
  FJOURNAL = {Mathematische Annalen},
    VOLUME = {338},
      YEAR = {2007},
    NUMBER = {4},
     PAGES = {845--868},
      ISSN = {0025-5831,1432-1807},
   MRCLASS = {14N35 (14N10 52B20)},
  MRNUMBER = {2317753},
MRREVIEWER = {Dragos\ Nicolae\ Oprea},
       DOI = {10.1007/s00208-007-0092-4},
       URL = {https://doi.org/10.1007/s00208-007-0092-4},
}


@article {Mikhalkin05,
    AUTHOR = {Mikhalkin, Grigory},
     TITLE = {Enumerative tropical algebraic geometry in {$\Bbb R^2$}},
   JOURNAL = {J. Amer. Math. Soc.},
  FJOURNAL = {Journal of the American Mathematical Society},
    VOLUME = {18},
      YEAR = {2005},
    NUMBER = {2},
     PAGES = {313--377},
      ISSN = {0894-0347,1088-6834},
   MRCLASS = {14N10 (05A99 14N35 52B70)},
  MRNUMBER = {2137980},
MRREVIEWER = {Charles\ D.\ Cadman},
       DOI = {10.1090/S0894-0347-05-00477-7},
       URL = {https://doi.org/10.1090/S0894-0347-05-00477-7},
}

@article {GM08,
    AUTHOR = {Gathmann, Andreas and Markwig, Hannah},
     TITLE = {Kontsevich's formula and the {WDVV} equations in tropical
              geometry},
   JOURNAL = {Adv. Math.},
  FJOURNAL = {Advances in Mathematics},
    VOLUME = {217},
      YEAR = {2008},
    NUMBER = {2},
     PAGES = {537--560},
      ISSN = {0001-8708,1090-2082},
   MRCLASS = {14T05 (14N10 14N35)},
  MRNUMBER = {2370275},
MRREVIEWER = {Yunfeng\ Jiang},
       DOI = {10.1016/j.aim.2007.08.004},
       URL = {https://doi.org/10.1016/j.aim.2007.08.004},
}

@article {ulirsch17,
    AUTHOR = {Ulirsch, Martin},
     TITLE = {Functorial tropicalization of logarithmic schemes: the case of
              constant coefficients},
   JOURNAL = {Proc. Lond. Math. Soc. (3)},
  FJOURNAL = {Proceedings of the London Mathematical Society. Third Series},
    VOLUME = {114},
      YEAR = {2017},
    NUMBER = {6},
     PAGES = {1081--1113},
      ISSN = {0024-6115,1460-244X},
   MRCLASS = {14T05 (14G22 20M14)},
  MRNUMBER = {3661346},
MRREVIEWER = {Hannah\ Markwig},
       DOI = {10.1112/plms.12031},
       URL = {https://doi.org/10.1112/plms.12031},
}

@article {GKM09,
    AUTHOR = {Gathmann, Andreas and Kerber, Michael and Markwig, Hannah},
     TITLE = {Tropical fans and the moduli spaces of tropical curves},
   JOURNAL = {Compos. Math.},
  FJOURNAL = {Compositio Mathematica},
    VOLUME = {145},
      YEAR = {2009},
    NUMBER = {1},
     PAGES = {173--195},
      ISSN = {0010-437X,1570-5846},
   MRCLASS = {14N35 (14N10)},
  MRNUMBER = {2480499},
MRREVIEWER = {Yunfeng\ Jiang},
       DOI = {10.1112/S0010437X08003837},
       URL = {https://doi.org/10.1112/S0010437X08003837},
}
@incollection {Caporaso13,
    AUTHOR = {Caporaso, Lucia},
     TITLE = {Algebraic and tropical curves: comparing their moduli spaces},
 BOOKTITLE = {Handbook of moduli. {V}ol. {I}},
    SERIES = {Adv. Lect. Math. (ALM)},
    VOLUME = {24},
     PAGES = {119--160},
 PUBLISHER = {Int. Press, Somerville, MA},
      YEAR = {2013},
      ISBN = {978-1-57146-257-2},
   MRCLASS = {14H10 (05C10 14T05)},
  MRNUMBER = {3184163},
MRREVIEWER = {Patrick\ Popescu-Pampu},
}

@article {Caporaso12,
    AUTHOR = {Caporaso, Lucia},
     TITLE = {Geometry of tropical moduli spaces and linkage of graphs},
   JOURNAL = {J. Combin. Theory Ser. A},
  FJOURNAL = {Journal of Combinatorial Theory. Series A},
    VOLUME = {119},
      YEAR = {2012},
    NUMBER = {3},
     PAGES = {579--598},
      ISSN = {0097-3165,1096-0899},
   MRCLASS = {05C10 (05C45 14H10 14T05)},
  MRNUMBER = {2871751},
       DOI = {10.1016/j.jcta.2011.11.011},
       URL = {https://doi.org/10.1016/j.jcta.2011.11.011},
}

@article {payne13,
    AUTHOR = {Payne, Sam},
     TITLE = {Boundary complexes and weight filtrations},
   JOURNAL = {Michigan Math. J.},
  FJOURNAL = {Michigan Mathematical Journal},
    VOLUME = {62},
      YEAR = {2013},
    NUMBER = {2},
     PAGES = {293--322},
      ISSN = {0026-2285,1945-2365},
   MRCLASS = {14E30 (14B05 14R99 14T05)},
  MRNUMBER = {3079265},
MRREVIEWER = {I.\ Dolgachev},
       DOI = {10.1307/mmj/1370870374},
       URL = {https://doi.org/10.1307/mmj/1370870374},
}

@article {PW24,
    AUTHOR = {Payne, Sam and Willwacher, Thomas},
     TITLE = {Weight 11 compactly supported cohomology of moduli spaces of
              curves},
   JOURNAL = {Int. Math. Res. Not. IMRN},
  FJOURNAL = {International Mathematics Research Notices. IMRN},
      YEAR = {2024},
    NUMBER = {8},
     PAGES = {7060--7098},
      ISSN = {1073-7928,1687-0247},
   MRCLASS = {14H10 (18M85 55N35)},
  MRNUMBER = {4735654},
       DOI = {10.1093/imrn/rnad308},
       URL = {https://doi.org/10.1093/imrn/rnad308},
}


@article {BV23,
    AUTHOR = {Borinsky, Michael and Vogtmann, Karen},
     TITLE = {The {E}uler characteristic of the moduli space of graphs},
   JOURNAL = {Adv. Math.},
  FJOURNAL = {Advances in Mathematics},
    VOLUME = {432},
      YEAR = {2023},
     PAGES = {Paper No. 109290, 58},
      ISSN = {0001-8708,1090-2082},
   MRCLASS = {20F65 (05E16 14T20 18M80 20E36 57R20)},
  MRNUMBER = {4638715},
       DOI = {10.1016/j.aim.2023.109290},
       URL = {https://doi.org/10.1016/j.aim.2023.109290},
}
@article {vogtmann15,
    AUTHOR = {Vogtmann, Karen},
     TITLE = {On the geometry of outer space},
   JOURNAL = {Bull. Amer. Math. Soc. (N.S.)},
  FJOURNAL = {American Mathematical Society. Bulletin. New Series},
    VOLUME = {52},
      YEAR = {2015},
    NUMBER = {1},
     PAGES = {27--46},
      ISSN = {0273-0979,1088-9485},
   MRCLASS = {20F65 (20E05 20F28)},
  MRNUMBER = {3286480},
MRREVIEWER = {Dawid\ Kielak},
       DOI = {10.1090/S0273-0979-2014-01466-1},
       URL = {https://doi.org/10.1090/S0273-0979-2014-01466-1},
}

@article {harer86,
    AUTHOR = {Harer, John L.},
     TITLE = {The virtual cohomological dimension of the mapping class group
              of an orientable surface},
   JOURNAL = {Invent. Math.},
  FJOURNAL = {Inventiones Mathematicae},
    VOLUME = {84},
      YEAR = {1986},
    NUMBER = {1},
     PAGES = {157--176},
      ISSN = {0020-9910,1432-1297},
   MRCLASS = {32G15 (20F38 57N05)},
  MRNUMBER = {830043},
MRREVIEWER = {K.\ Vogtmann},
       DOI = {10.1007/BF01388737},
       URL = {https://doi.org/10.1007/BF01388737},
}

@article {hatcher95,
    AUTHOR = {Hatcher, Allen},
     TITLE = {Homological stability for automorphism groups of free groups},
   JOURNAL = {Comment. Math. Helv.},
  FJOURNAL = {Commentarii Mathematici Helvetici},
    VOLUME = {70},
      YEAR = {1995},
    NUMBER = {1},
     PAGES = {39--62},
      ISSN = {0010-2571,1420-8946},
   MRCLASS = {20E05 (20F28 20J99 57M07)},
  MRNUMBER = {1314940},
MRREVIEWER = {Gilbert\ Levitt},
       DOI = {10.1007/BF02565999},
       URL = {https://doi.org/10.1007/BF02565999},
}

@article {CGV05,
    AUTHOR = {Conant, James and Gerlits, Ferenc and Vogtmann, Karen},
     TITLE = {Cut vertices in commutative graphs},
   JOURNAL = {Q. J. Math.},
  FJOURNAL = {The Quarterly Journal of Mathematics},
    VOLUME = {56},
      YEAR = {2005},
    NUMBER = {3},
     PAGES = {321--336},
      ISSN = {0033-5606,1464-3847},
   MRCLASS = {57M27 (05C99 57M07)},
  MRNUMBER = {2161246},
MRREVIEWER = {David\ Chataur},
       DOI = {10.1093/qmath/hah040},
       URL = {https://doi.org/10.1093/qmath/hah040},
}
@article {JV03,
    AUTHOR = {Conant, James and Vogtmann, Karen},
     TITLE = {On a theorem of {K}ontsevich},
   JOURNAL = {Algebr. Geom. Topol.},
  FJOURNAL = {Algebraic \& Geometric Topology},
    VOLUME = {3},
      YEAR = {2003},
     PAGES = {1167--1224},
      ISSN = {1472-2747,1472-2739},
   MRCLASS = {18D50 (17B65 57M27)},
  MRNUMBER = {2026331},
MRREVIEWER = {Riccardo\ Longoni},
       DOI = {10.2140/agt.2003.3.1167},
       URL = {https://doi.org/10.2140/agt.2003.3.1167},
}

@incollection {CFP14,
    AUTHOR = {Church, Thomas and Farb, Benson and Putman, Andrew},
     TITLE = {A stability conjecture for the unstable cohomology of {${\rm
              SL}_n\Bbb Z$}, mapping class groups, and {${\rm Aut}(F_n)$}},
 BOOKTITLE = {Algebraic topology: applications and new directions},
    SERIES = {Contemp. Math.},
    VOLUME = {620},
     PAGES = {55--70},
 PUBLISHER = {Amer. Math. Soc., Providence, RI},
      YEAR = {2014},
      ISBN = {978-0-8218-9474-3},
   MRCLASS = {11F75 (20F28 20G10)},
  MRNUMBER = {3290086},
MRREVIEWER = {Jean\ Raimbault},
       DOI = {10.1090/conm/620/12366},
       URL = {https://doi.org/10.1090/conm/620/12366},
}

@article {CFP12,
    AUTHOR = {Church, Thomas and Farb, Benson and Putman, Andrew},
     TITLE = {The rational cohomology of the mapping class group vanishes in
              its virtual cohomological dimension},
   JOURNAL = {Int. Math. Res. Not. IMRN},
  FJOURNAL = {International Mathematics Research Notices. IMRN},
      YEAR = {2012},
    NUMBER = {21},
     PAGES = {5025--5030},
      ISSN = {1073-7928,1687-0247},
   MRCLASS = {57M50},
  MRNUMBER = {2993444},
       DOI = {10.1093/imrn/rnr208},
       URL = {https://doi.org/10.1093/imrn/rnr208},
}

@article {BBP24,
    AUTHOR = {Brendle, Tara and Broaddus, Nathan and Putman, Andrew},
     TITLE = {The high-dimensional cohomology of the moduli space of curves
              with level structures {II}: {P}unctures and boundary},
   JOURNAL = {Israel J. Math.},
  FJOURNAL = {Israel Journal of Mathematics},
    VOLUME = {260},
      YEAR = {2024},
    NUMBER = {1},
     PAGES = {303--340},
      ISSN = {0021-2172,1565-8511},
   MRCLASS = {57K20 (14H10)},
  MRNUMBER = {4757002},
       DOI = {10.1007/s11856-023-2566-9},
       URL = {https://doi.org/10.1007/s11856-023-2566-9},
}

@article {bibbyGadish18,
    AUTHOR = {Bibby, Christin and Gadish, Nir},
     TITLE = {Combinatorics of orbit configuration spaces},
   JOURNAL = {S\'em. Lothar. Combin.},
  FJOURNAL = {S\'eminaire Lotharingien de Combinatoire},
    VOLUME = {80B},
      YEAR = {2018},
     PAGES = {Art. 72, 11},
      ISSN = {1286-4889},
   MRCLASS = {14L30 (05E10 55R80)},
  MRNUMBER = {3940647},
MRREVIEWER = {Shaheen\ Nazir},
}

@article {KLSY23,
    AUTHOR = {Kannan, Siddarth and Li, Shiyue and Serpente, Stefano and Yun,
              Claudia He},
     TITLE = {Topology of tropical moduli spaces of weighted stable curves
              in higher genus},
   JOURNAL = {Adv. Geom.},
  FJOURNAL = {Advances in Geometry},
    VOLUME = {23},
      YEAR = {2023},
    NUMBER = {3},
     PAGES = {305--314},
      ISSN = {1615-715X,1615-7168},
   MRCLASS = {14T20 (14H10)},
  MRNUMBER = {4626310},
       DOI = {10.1515/advgeom-2023-0009},
       URL = {https://doi.org/10.1515/advgeom-2023-0009},
}

@article {kannan21,
    AUTHOR = {Kannan, Siddarth},
     TITLE = {Symmetries of tropical moduli spaces of curves},
   JOURNAL = {Trans. Amer. Math. Soc.},
  FJOURNAL = {Transactions of the American Mathematical Society},
    VOLUME = {374},
      YEAR = {2021},
    NUMBER = {8},
     PAGES = {5805--5847},
      ISSN = {0002-9947,1088-6850},
   MRCLASS = {14T10 (05E14)},
  MRNUMBER = {4293789},
MRREVIEWER = {Eugenii\ Shustin},
       DOI = {10.1090/tran/8393},
       URL = {https://doi.org/10.1090/tran/8393},
}

@article {KSY24,
    AUTHOR = {Kannan, Siddarth and Serpente, Stefano and Yun, Claudia He},
     TITLE = {Equivariant {H}odge polynomials of heavy/light moduli spaces},
   JOURNAL = {Forum Math. Sigma},
  FJOURNAL = {Forum of Mathematics. Sigma},
    VOLUME = {12},
      YEAR = {2024},
     PAGES = {Paper No. e34, 19},
      ISSN = {2050-5094},
   MRCLASS = {14H10 (05E14)},
  MRNUMBER = {4717190},
       DOI = {10.1017/fms.2024.20},
       URL = {https://doi.org/10.1017/fms.2024.20},
}


@article {BMV11,
    AUTHOR = {Brannetti, Silvia and Melo, Margarida and Viviani, Filippo},
     TITLE = {On the tropical {T}orelli map},
   JOURNAL = {Adv. Math.},
  FJOURNAL = {Advances in Mathematics},
    VOLUME = {226},
      YEAR = {2011},
    NUMBER = {3},
     PAGES = {2546--2586},
      ISSN = {0001-8708,1090-2082},
   MRCLASS = {14T05 (14C34)},
  MRNUMBER = {2739784},
MRREVIEWER = {Ethan\ G.\ Cotterill},
       DOI = {10.1016/j.aim.2010.09.011},
       URL = {https://doi.org/10.1016/j.aim.2010.09.011},
}

@incollection {MZ08,
    AUTHOR = {Mikhalkin, Grigory and Zharkov, Ilia},
     TITLE = {Tropical curves, their {J}acobians and theta functions},
 BOOKTITLE = {Curves and abelian varieties},
    SERIES = {Contemp. Math.},
    VOLUME = {465},
     PAGES = {203--230},
 PUBLISHER = {Amer. Math. Soc., Providence, RI},
      YEAR = {2008},
      ISBN = {978-0-8218-4334-5},
   MRCLASS = {14T05 (05C38 14H40 14H42)},
  MRNUMBER = {2457739},
       DOI = {10.1090/conm/465/09104},
       URL = {https://doi.org/10.1090/conm/465/09104},
}

@incollection {grushevsky09,
    AUTHOR = {Grushevsky, Samuel},
     TITLE = {Geometry of {$\mathcal{A}_g$} and its compactifications},
 BOOKTITLE = {Algebraic geometry---{S}eattle 2005. {P}art 1},
    SERIES = {Proc. Sympos. Pure Math.},
    VOLUME = {80, Part 1},
     PAGES = {193--234},
 PUBLISHER = {Amer. Math. Soc., Providence, RI},
      YEAR = {2009},
      ISBN = {978-0-8218-4702-2},
   MRCLASS = {14K10 (14C15 14E08 14K25 32S60)},
  MRNUMBER = {2483936},
MRREVIEWER = {Jae-Hyun\ Yang},
       DOI = {10.1090/pspum/080.1/2483936},
       URL = {https://doi.org/10.1090/pspum/080.1/2483936},
}

@article {igusa62,
    AUTHOR = {Igusa, Jun-ichi},
     TITLE = {On {S}iegel modular forms of genus two},
   JOURNAL = {Amer. J. Math.},
  FJOURNAL = {American Journal of Mathematics},
    VOLUME = {84},
      YEAR = {1962},
     PAGES = {175--200},
      ISSN = {0002-9327,1080-6377},
   MRCLASS = {10.23 (32.65)},
  MRNUMBER = {141643},
MRREVIEWER = {E.\ Grosswald},
       DOI = {10.2307/2372812},
       URL = {https://doi.org/10.2307/2372812},
}

@article {hain02,
    AUTHOR = {Hain, Richard},
     TITLE = {The rational cohomology ring of the moduli space of abelian
              3-folds},
   JOURNAL = {Math. Res. Lett.},
  FJOURNAL = {Mathematical Research Letters},
    VOLUME = {9},
      YEAR = {2002},
    NUMBER = {4},
     PAGES = {473--491},
      ISSN = {1073-2780},
   MRCLASS = {14K10 (14F25)},
  MRNUMBER = {1928867},
MRREVIEWER = {Nicolae\ Manolache},
       DOI = {10.4310/MRL.2002.v9.n4.a7},
       URL = {https://doi.org/10.4310/MRL.2002.v9.n4.a7},
}


@book {namikawa80,
    AUTHOR = {Namikawa, Yukihiko},
     TITLE = {Toroidal compactification of {S}iegel spaces},
    SERIES = {Lecture Notes in Mathematics},
    VOLUME = {812},
 PUBLISHER = {Springer, Berlin},
      YEAR = {1980},
     PAGES = {viii+162},
      ISBN = {3-540-10021-0},
   MRCLASS = {32J05 (14K10 32M99 32N15)},
  MRNUMBER = {584625},
MRREVIEWER = {Masa-Nori\ Ishida},
}

@book {faltingsChai,
    AUTHOR = {Faltings, Gerd and Chai, Ching-Li},
     TITLE = {Degeneration of abelian varieties},
    SERIES = {Ergebnisse der Mathematik und ihrer Grenzgebiete (3) [Results
              in Mathematics and Related Areas (3)]},
    VOLUME = {22},
      NOTE = {With an appendix by David Mumford},
 PUBLISHER = {Springer-Verlag, Berlin},
      YEAR = {1990},
     PAGES = {xii+316},
      ISBN = {3-540-52015-5},
   MRCLASS = {14K10 (11G10 14D20 14K25)},
  MRNUMBER = {1083353},
MRREVIEWER = {Min\ Ho\ Lee},
       DOI = {10.1007/978-3-662-02632-8},
       URL = {https://doi.org/10.1007/978-3-662-02632-8},
}

@book {AMRT,
    AUTHOR = {Ash, A. and Mumford, D. and Rapoport, M. and Tai, Y.},
     TITLE = {Smooth compactification of locally symmetric varieties},
    SERIES = {Lie Groups: History, Frontiers and Applications},
    VOLUME = {Vol. IV},
 PUBLISHER = {Math Sci Press, Brookline, MA},
      YEAR = {1975},
     PAGES = {iv+335},
   MRCLASS = {14D20 (32M15 32N10)},
  MRNUMBER = {457437},
MRREVIEWER = {Ichiro\ Satake},
}

@article {abramovichCaporasoPayne15,
    AUTHOR = {Abramovich, Dan and Caporaso, Lucia and Payne, Sam},
     TITLE = {The tropicalization of the moduli space of curves},
   JOURNAL = {Ann. Sci. \'Ec. Norm. Sup\'er. (4)},
  FJOURNAL = {Annales Scientifiques de l'\'Ecole Normale Sup\'erieure.
              Quatri\`eme S\'erie},
    VOLUME = {48},
      YEAR = {2015},
    NUMBER = {4},
     PAGES = {765--809},
      ISSN = {0012-9593,1873-2151},
   MRCLASS = {14T05 (14D20 14G22 14H10)},
  MRNUMBER = {3377065},
MRREVIEWER = {Simon\ Hampe},
       DOI = {10.24033/asens.2258},
       URL = {https://doi.org/10.24033/asens.2258},
}

@article {odaSchwermer90,
    AUTHOR = {Oda, Takayuki and Schwermer, Joachim},
     TITLE = {Mixed {H}odge structures and automorphic forms for {S}iegel
              modular varieties of degree two},
   JOURNAL = {Math. Ann.},
  FJOURNAL = {Mathematische Annalen},
    VOLUME = {286},
      YEAR = {1990},
    NUMBER = {1-3},
     PAGES = {481--509},
      ISSN = {0025-5831,1432-1807},
   MRCLASS = {11F46 (14C30 22E40 32J05 32N05)},
  MRNUMBER = {1032942},
MRREVIEWER = {Min\ Ho\ Lee},
       DOI = {10.1007/BF01453584},
       URL = {https://doi.org/10.1007/BF01453584},
}

@article {deligne71,
    AUTHOR = {Deligne, Pierre},
     TITLE = {Th\'eorie de {H}odge. {II}},
   JOURNAL = {Inst. Hautes \'Etudes Sci. Publ. Math.},
  FJOURNAL = {Institut des Hautes \'Etudes Scientifiques. Publications
              Math\'ematiques},
    NUMBER = {40},
      YEAR = {1971},
     PAGES = {5--57},
}

@article {deligne74,
    AUTHOR = {Deligne, Pierre},
     TITLE = {Th\'eorie de {H}odge. {III}},
   JOURNAL = {Inst. Hautes \'Etudes Sci. Publ. Math.},
  FJOURNAL = {Institut des Hautes \'Etudes Scientifiques. Publications
              Math\'ematiques},
    NUMBER = {44},
      YEAR = {1974},
     PAGES = {5--77},
}


%%%%%%%% MELODY

@misc{BCGP24,
      title={Hopf algebras in the cohomology of $\mathcal{A}_g$, $\mathrm{GL}_n(\mathbb{Z})$, and $\mathrm{SL}_n(\mathbb{Z})$}, 
      author={Francis Brown and Melody Chan and Søren Galatius and Sam Payne},
      year={2024},
      eprint={2405.11528},
      archivePrefix={arXiv},
      primaryClass={math.AG},
      url={https://arxiv.org/abs/2405.11528}, 
}

@article {brandChanKannan24,
    AUTHOR = {Brandt, Madeline and Chan, Melody and Kannan, Siddarth},
     TITLE = {On the weight zero compactly supported cohomology of {$\mathcal{
              H}_{g,n}$}},
   JOURNAL = {Forum Math. Sigma},
  FJOURNAL = {Forum of Mathematics. Sigma},
    VOLUME = {12},
      YEAR = {2024},
     PAGES = {Paper No. e67, 37},
}

@article {RMZ21,
    AUTHOR = {Rapoport, M. and Smithling, B. and Zhang, W.},
     TITLE = {On {S}himura varieties for unitary groups},
   JOURNAL = {Pure Appl. Math. Q.},
  FJOURNAL = {Pure and Applied Mathematics Quarterly},
    VOLUME = {17},
      YEAR = {2021},
    NUMBER = {2},
     PAGES = {773--837},
      ISSN = {1558-8599,1558-8602},
   MRCLASS = {11G18 (14G35)},
  MRNUMBER = {4257601},
       DOI = {10.4310/PAMQ.2021.v17.n2.a8},
       URL = {https://doi.org/10.4310/PAMQ.2021.v17.n2.a8},
}

@article {eisenbudGoto84,
    AUTHOR = {Eisenbud, David and Goto, Shiro},
     TITLE = {Linear free resolutions and minimal multiplicity},
   JOURNAL = {J. Algebra},
  FJOURNAL = {Journal of Algebra},
    VOLUME = {88},
      YEAR = {1984},
    NUMBER = {1},
     PAGES = {89--133},
      ISSN = {0021-8693},
   MRCLASS = {13H15 (13D03 14M05)},
  MRNUMBER = {741934},
MRREVIEWER = {Wolfgang\ Vogel},
       DOI = {10.1016/0021-8693(84)90092-9},
       URL = {https://doi.org/10.1016/0021-8693(84)90092-9},
}

@article {Kodiyalam00,
    AUTHOR = {Kodiyalam, Vijay},
     TITLE = {Asymptotic behaviour of {C}astelnuovo-{M}umford regularity},
   JOURNAL = {Proc. Amer. Math. Soc.},
  FJOURNAL = {Proceedings of the American Mathematical Society},
    VOLUME = {128},
      YEAR = {2000},
    NUMBER = {2},
     PAGES = {407--411},
      ISSN = {0002-9939,1088-6826},
   MRCLASS = {13D45 (14B15)},
  MRNUMBER = {1621961},
MRREVIEWER = {P.\ Schenzel},
       DOI = {10.1090/S0002-9939-99-05020-0},
       URL = {https://doi.org/10.1090/S0002-9939-99-05020-0},
}

@article {BEL91,
    AUTHOR = {Bertram, Aaron and Ein, Lawrence and Lazarsfeld, Robert},
     TITLE = {Vanishing theorems, a theorem of {S}everi, and the equations
              defining projective varieties},
   JOURNAL = {J. Amer. Math. Soc.},
  FJOURNAL = {Journal of the American Mathematical Society},
    VOLUME = {4},
      YEAR = {1991},
    NUMBER = {3},
     PAGES = {587--602},
      ISSN = {0894-0347,1088-6834},
   MRCLASS = {14F17 (14J99 14N05)},
  MRNUMBER = {1092845},
MRREVIEWER = {Marco\ Andreatta},
       DOI = {10.2307/2939270},
       URL = {https://doi.org/10.2307/2939270},
}

@article {CHT99,
    AUTHOR = {Cutkosky, S. Dale and Herzog, J\"urgen and Trung, Ng\^o{}
              Vi\^et},
     TITLE = {Asymptotic behaviour of the {C}astelnuovo-{M}umford
              regularity},
   JOURNAL = {Compositio Math.},
  FJOURNAL = {Compositio Mathematica},
    VOLUME = {118},
      YEAR = {1999},
    NUMBER = {3},
     PAGES = {243--261},
      ISSN = {0010-437X,1570-5846},
   MRCLASS = {13D45 (13A30 13C99 14F17)},
  MRNUMBER = {1711319},
MRREVIEWER = {Vincenzo\ Di Gennaro},
       DOI = {10.1023/A:1001559912258},
       URL = {https://doi.org/10.1023/A:1001559912258},
}

@article { brownErman23-2,
    AUTHOR = {Brown, Michael K. and Erman, Daniel},
     TITLE = {A short proof of the {H}anlon-{H}icks-{L}azarev theorem},
   JOURNAL = {Forum Math. Sigma},
  FJOURNAL = {Forum of Mathematics. Sigma},
    VOLUME = {12},
      YEAR = {2024},
     PAGES = {Paper No. e56, 6},
      ISSN = {2050-5094},
   MRCLASS = {13D02 (14F08 14M25)},
  MRNUMBER = {4744056},
       DOI = {10.1017/fms.2024.40},
       URL = {https://doi.org/10.1017/fms.2024.40},
}

@misc{HHL23,
      title={Resolutions of toric subvarieties by line bundles and applications}, 
      author={Andrew Hanlon and Jeff Hicks and Oleg Lazarev},
      year={2024},
      eprint={2303.03763},
      archivePrefix={arXiv},
      primaryClass={math.AG},
      url={https://arxiv.org/abs/2303.03763}, 
}

@article {maclaganSmith04,
    AUTHOR = {Maclagan, Diane and Smith, Gregory G.},
     TITLE = {Multigraded {C}astelnuovo-{M}umford regularity},
   JOURNAL = {J. Reine Angew. Math.},
  FJOURNAL = {Journal f\"ur die Reine und Angewandte Mathematik. [Crelle's
              Journal]},
    VOLUME = {571},
      YEAR = {2004},
     PAGES = {179--212},
      ISSN = {0075-4102,1435-5345},
   MRCLASS = {13D45 (14M25)},
  MRNUMBER = {2070149},
MRREVIEWER = {Philippe\ Gimenez},
       DOI = {10.1515/crll.2004.040},
       URL = {https://doi.org/10.1515/crll.2004.040},
}

@article {CCGP23,
    AUTHOR = {Chan, Melody and Faber, Carel and Galatius, S\o ren and Payne,
              Sam},
     TITLE = {The {$S_n$}-equivariant top weight {E}uler characteristic of
              {$\mathcal{M}_{g,n}$}},
   JOURNAL = {Amer. J. Math.},
  FJOURNAL = {American Journal of Mathematics},
    VOLUME = {145},
      YEAR = {2023},
    NUMBER = {5},
     PAGES = {1549--1585},
}

@article {chan22,
    AUTHOR = {Chan, Melody},
     TITLE = {Topology of the tropical moduli spaces {$\Delta_{2,n}$}},
   JOURNAL = {Beitr. Algebra Geom.},
  FJOURNAL = {Beitr\"age zur Algebra und Geometrie. Contributions to Algebra
              and Geometry},
    VOLUME = {63},
      YEAR = {2022},
    NUMBER = {1},
     PAGES = {69--93},
}

@incollection {CGP22,
    AUTHOR = {Chan, Melody and Galatius, S\o ren and Payne, Sam},
     TITLE = {Topology of moduli spaces of tropical curves with marked
              points},
 BOOKTITLE = {Facets of algebraic geometry. {V}ol. {I}},
    SERIES = {London Math. Soc. Lecture Note Ser.},
    VOLUME = {472},
     PAGES = {77--131},
 PUBLISHER = {Cambridge Univ. Press, Cambridge},
      YEAR = {2022},
}

@article {CGP21,
    AUTHOR = {Chan, Melody and Galatius, S\o ren and Payne, Sam},
     TITLE = {Tropical curves, graph complexes, and top weight cohomology of
              {$\mathcal{M}_g$}},
   JOURNAL = {J. Amer. Math. Soc.},
  FJOURNAL = {Journal of the American Mathematical Society},
    VOLUME = {34},
      YEAR = {2021},
    NUMBER = {2},
     PAGES = {565--594},
}

@article {CCUW20,
    AUTHOR = {Cavalieri, Renzo and Chan, Melody and Ulirsch, Martin and
              Wise, Jonathan},
     TITLE = {A moduli stack of tropical curves},
   JOURNAL = {Forum Math. Sigma},
  FJOURNAL = {Forum of Mathematics. Sigma},
    VOLUME = {8},
      YEAR = {2020},
     PAGES = {Paper No. e23, 93},
}





%%%%%%%%% JULIETTES


@article {bruce24,
    AUTHOR = {Bruce, Juliette},
     TITLE = {Asymptotic syzygies for products of projective spaces},
   JOURNAL = {J. Algebra},
  FJOURNAL = {Journal of Algebra},
    VOLUME = {649},
      YEAR = {2024},
     PAGES = {347--391},
}

@article {BBCMMW24,
    AUTHOR = {Brandt, Madeline and Bruce, Juliette and Chan, Melody and
              Melo, Margarida and Moreland, Gwyneth and Wolfe, Corey},
     TITLE = {On the top-weight rational cohomology of {$\mathcal{A}_g$}},
   JOURNAL = {Geom. Topol.},
  FJOURNAL = {Geometry \& Topology},
    VOLUME = {28},
      YEAR = {2024},
    NUMBER = {2},
     PAGES = {497--538},
}

@article {bruce22,
    AUTHOR = {Bruce, Juliette},
     TITLE = {The quantitative behavior of asymptotic syzygies for
              {H}irzebruch surfaces},
   JOURNAL = {J. Commut. Algebra},
  FJOURNAL = {Journal of Commutative Algebra},
    VOLUME = {14},
      YEAR = {2022},
    NUMBER = {1},
     PAGES = {19--26},
}

@article {BCEGLY22,
    AUTHOR = {Bruce, Juliette and Corey, Daniel and Erman, Daniel and
              Goldstein, Steve and Laudone, Robert P. and Yang, Jay},
     TITLE = {Syzygies of {$\mathbb{P}^1\times\mathbb{P}^1$}: data and conjectures},
   JOURNAL = {J. Algebra},
  FJOURNAL = {Journal of Algebra},
    VOLUME = {593},
      YEAR = {2022},
     PAGES = {589--621},
      ISSN = {0021-8693,1090-266X},
}

@article {BEGY21,
    AUTHOR = {Bruce, Juliette and Erman, Daniel and Goldstein, Steve and
              Yang, Jay},
     TITLE = {The {S}chur-{V}eronese package in {M}acaulay2},
   JOURNAL = {J. Softw. Algebra Geom.},
  FJOURNAL = {Journal of Software for Algebra and Geometry},
    VOLUME = {11},
      YEAR = {2021},
    NUMBER = {1},
     PAGES = {83--87},
}

@article {BBB21,
    AUTHOR = {Bonato, Anthony and Bruce, Juliette and Buckmire, Ron},
     TITLE = {Spaces for all: the rise of {LGBTQ}+ mathematics conferences},
   JOURNAL = {Notices Amer. Math. Soc.},
  FJOURNAL = {Notices of the American Mathematical Society},
    VOLUME = {68},
      YEAR = {2021},
    NUMBER = {6},
     PAGES = {998--1003},
}

@article {bruceNotices22,
    AUTHOR = {Bruce, Juliette},
     TITLE = {A word from... Juliette Bruce, Inaugural President of Spectra},
   JOURNAL = {Notices Amer. Math. Soc.},
  FJOURNAL = {Notices of the American Mathematical Society},
    VOLUME = {69},
      YEAR = {2022},
    NUMBER = {6},
     PAGES = {898--899},
}


@article {ABLS20,
    AUTHOR = {Almousa, Ayah and Bruce, Juliette and Loper, Michael and
              Sayrafi, Mahrud},
     TITLE = {The virtual resolutions package for {M}acaulay2},
   JOURNAL = {J. Softw. Algebra Geom.},
  FJOURNAL = {Journal of Software for Algebra and Geometry},
    VOLUME = {10},
      YEAR = {2020},
    NUMBER = {1},
     PAGES = {51--60},
}

@article {BEGY20,
    AUTHOR = {Bruce, Juliette and Erman, Daniel and Goldstein, Steve and
              Yang, Jay},
     TITLE = {Conjectures and computations about {V}eronese syzygies},
   JOURNAL = {Exp. Math.},
  FJOURNAL = {Experimental Mathematics},
    VOLUME = {29},
      YEAR = {2020},
    NUMBER = {4},
     PAGES = {398--413},
}

@article {bruceLi20,
    AUTHOR = {Bruce, Juliette and Li, Wanlin},
     TITLE = {Effective bounds on the dimensions of {J}acobians covering
              abelian varieties},
   JOURNAL = {Proc. Amer. Math. Soc.},
  FJOURNAL = {Proceedings of the American Mathematical Society},
    VOLUME = {148},
      YEAR = {2020},
    NUMBER = {2},
     PAGES = {535--551},
}

@article {bruceErman19,
    AUTHOR = {Bruce, Juliette and Erman, Daniel},
     TITLE = {A probabilistic approach to systems of parameters and
              {N}oether normalization},
   JOURNAL = {Algebra Number Theory},
  FJOURNAL = {Algebra \& Number Theory},
    VOLUME = {13},
      YEAR = {2019},
    NUMBER = {9},
     PAGES = {2081--2102},
}

@incollection {BBBKR17,
    AUTHOR = {Brandt, Madeline and Bruce, Juliette and Brysiewicz, Taylor
              and Krone, Robert and Robeva, Elina},
     TITLE = {The degree of {${\rm SO}(n,\mathbb{C})$}},
 BOOKTITLE = {Combinatorial algebraic geometry},
    SERIES = {Fields Inst. Commun.},
    VOLUME = {80},
     PAGES = {229--246},
 PUBLISHER = {Fields Inst. Res. Math. Sci., Toronto, ON},
      YEAR = {2017},
}

@misc{brandtBruceCorey23,
      title={The virtual Euler characteristic for binary matroids}, 
      author={Madeline Brandt and Juliette Bruce and Daniel Corey},
      year={2023},
      eprint={2301.10108},
      archivePrefix={arXiv},
      primaryClass={math.CO},
      url={https://arxiv.org/abs/2301.10108}, 
}

@misc{bruceHellerSayrafi22,
      title={Bounds on Multigraded Regularity}, 
      author={Juliette Bruce and Lauren Cranton Heller and Mahrud Sayrafi},
      year={2022},
      eprint={2208.11115},
      archivePrefix={arXiv},
      primaryClass={math.AC},
      url={https://arxiv.org/abs/2208.11115}, 
}

@misc{bruceHellerSayrafi21,
      title={Characterizing Multigraded Regularity and Virtual Resolutions on Products of Projective Spaces}, 
      author={Juliette Bruce and Lauren Cranton Heller and Mahrud Sayrafi},
      year={2024},
      eprint={2110.10705},
      archivePrefix={arXiv},
      primaryClass={math.AC},
      url={https://arxiv.org/abs/2110.10705}, 
}